<record><leader>00000cas a22000007a 4500</leader><controlfield tag="001">12126013</controlfield><controlfield tag="008">850606u184uuuuualuwr ne      0    0eng d</controlfield><datafield ind1=" " ind2=" " tag="010"><subfield code="a">sn 85044715 </subfield></datafield><datafield ind1=" " ind2=" " tag="040"><subfield code="a">ALM</subfield><subfield code="b">eng</subfield><subfield code="c">ALM</subfield><subfield code="d">CPN</subfield><subfield code="d">OCLCQ</subfield></datafield><datafield ind1=" " ind2=" " tag="042"><subfield code="a">msc</subfield></datafield><datafield ind1="0" ind2="0" tag="245"><subfield code="a">Marion review.</subfield></datafield><datafield ind1=" " ind2=" " tag="260"><subfield code="a">Marion, Ala. :</subfield><subfield code="b">Markham &amp; Stephens</subfield></datafield><datafield ind1=" " ind2=" " tag="300"><subfield code="a">v. :</subfield><subfield code="b">ill. ;</subfield><subfield code="c">61 cm.</subfield></datafield><datafield ind1=" " ind2=" " tag="310"><subfield code="a">Weekly</subfield></datafield><datafield ind1=" " ind2=" " tag="500"><subfield code="a">Editor: John G. Markham.</subfield></datafield><datafield ind1=" " ind2=" " tag="588"><subfield code="a">Description based on: Vol. 3, no. 12 (Apr. 7, 1847).</subfield></datafield><datafield ind1="1" ind2=" " tag="700"><subfield code="a">Markham, John G.</subfield></datafield><datafield ind1=" " ind2=" " tag="752"><subfield code="a">United States</subfield><subfield code="b">Alabama</subfield><subfield code="c">Perry</subfield><subfield code="d">Marion.</subfield></datafield></record>